@STRING{DOKANS="Dokl. Akad. Nauk SSSR+"}
@STRING{ACTM="Acta Mech."}
@STRING{ACTPSM="Acta Polytech. Sc. Me."}
@STRING{ACTRI="Action Research International"}
@STRING{ADVP="Adv. Phys."}
@STRING{AMEJP="Am. J. Phys."}
@STRING{AMEJS="Am. J. Sci."}
@STRING{ANNP="Ann. Phys.---Leipzig"}
@STRING{ANNG="Ann. Glaciol."}
@STRING{ANNMS="Ann. Math. Stat."}
@STRING{BRIJPS="Brit. J. Philos. Sci."}
@STRING{CAMEN="Cambridge Evening News"}
@STRING{CANGJ="Can. Geotech. J."}
@STRING{CHEMPL="Chem. Phys. Lett."}
@STRING{COLRST="Cold Reg. Sci. Technol."}
@STRING{CONFIG="Configurations"}
@STRING{CQDJME="{CQD} Journal For The Maritime Environment Industry"}
@STRING{CUROSS="Curr. Opin. Solid St. M."}
@STRING{CZEJP="Czech. J. Phys."}
@STRING{ELEAM="Electronics Australia Magazine"}
@STRING{EMBN="embnet.news"}
@STRING{ENGFM="Eng. Fract. Mech."}
@STRING{EOSTAG="Eos T. Am. Geophys. Un."}
@STRING{EXPM="Exp. Mech."}
@STRING{FREJAC="Fresen. J. Anal. Chem."}
@STRING{GEORL="Geophys. Res. Lett."}
@STRING{HUMR="Hum. Relat."}
@STRING{IEEJOE="IEEE J. Oceanic Eng."}
@STRING{IEETM="IEEE T. Magn."}
@STRING{IEETSS="IEEE T. Syst. Sci. Cyb."}
@STRING{INTJSS="Int. J. Solids Struct."}
@STRING{INTJWS="Int. J. Womens Stud."}
@STRING{JOUP="J. Phys.---Paris"}
@STRING{JAMJAM="JAMA---J. Am. Med. Assoc."}
@STRING{JOUASA="J. Am. Stat. Assoc."}
@STRING{JOUAP="J. Appl. Phys."}
@STRING{JOUC="J. Climate"}
@STRING{JOUCP="J. Chem. Phys."}
@STRING{JOUCRE="J. Cold Reg. Eng."}
@STRING{JOUCIS="J. Colloid Interf. Sci."}
@STRING{JOUCS="J. Coll. Sci. Imp. U. Tok."}
@STRING{JOUERT="J. Energ. Resour.---ASME"}
@STRING{JOUGRO="J. Geophys. Res.---Oceans"}
@STRING{JOUGRS="J. Geophys. Res.---Sol. Ea."}
@STRING{JOUG="J. Glaciol."}
@STRING{JOUMMM="J. Magn. Magn. Mater."}
@STRING{JOUM="J. Microsc.---Oxford"}
@STRING{JOUMB="J. Mol. Biol."}
@STRING{JOUPCB="J. Phys. Chem. B"}
@STRING{JOUPDA="J. Phys. D Appl. Phys."}
@STRING{JOUPES="Journal of Physics E: Scientific Instruments"}
@STRING{JOUMPS="J. Mech. Phys. Solids"}
@STRING{JOURSS="J. Roy. Stat. Soc. B"}
@STRING{JOUVSTA="J. Vac. Sci. Technol. A"}
@STRING{JOUVSTB="J. Vac. Sci. Technol. B"}
@STRING{MEMPML="Memoirs and Proceedings of the Manchester Literary and Philosophical Society"}
@STRING{MONNRA="Mon. Not. R. Astron. Soc."}
@STRING{NAT="Nature"}
@STRING{NEUC="Neural Comput."}
@STRING{NEWJP="New J. Phys."}
@STRING{NUCIM="Nucl. Instrum. Methods"}
@STRING{NUCIMP="Nucl. Instrum. Meth. A"}
@STRING{PHIM="Philos. Mag."}
@STRING{PHIMAP="Philos. Mag. A"}
@STRING{PHITPS="Philos. T. Roy. Soc. A"}
@STRING{PHITRS="Philosophical Transactions of the Royal Society of London"}
@STRING{PHYSSB="Phys. Status Solidi B"}
@STRING{PHYR="Physical Review"}
@STRING{PHYRAA="Phys. Rev. A"}
@STRING{PHYRBC="Phys. Rev. B"}
@STRING{PHYRL="Phys. Rev. Lett."}
@STRING{PHY="Physics"}
@STRING{PHYT="Phys. Today"}
@STRING{PHYW="Phys. World"}
@STRING{PRORSLa="P. Roy. Soc. Lond. A Mat."}
@STRING{PRORSLb="P. Roy. Soc. Lond. A Mat."}
@STRING{PDBQN="PDB Quarterly Newsletter"}
@STRING{PROE="Protein Eng."}
@STRING{QUAJE="Q. J. Econ."}
@STRING{QUAJMA="Q. J. Mech. Appl. Math."}
@STRING{REPPP="Rep. Prog. Phys."}
@STRING{REVSI="Rev. Sci. Instrum."}
@STRING{ROCMRE="Rock Mech. Rock Eng."}
@STRING{SCIENC="Science"}
@STRING{SENAAP="Sensor. Actuat. A: Phys."}
@STRING{SHOV="Shock Vib."}
@STRING{SIGJWC="Signs"}
@STRING{SOLSC="Solid State Commun."}
@STRING{STAS="Stat. Sci."}
@STRING{SURS="Surf. Sci."}
@STRING{SURSR="Surf. Sci. Rep."}
@STRING{TEC="Tectonophysics"}
@STRING{HOL="Holocene"}
@STRING{TRACPS="Transactions of the Cambridge Philosophical Society"}
@STRING{TRAMC="Transactions in Measurement and Control"}
@STRING{TREBS="Trends Biochem. Sci."}
@STRING{VACUUM="Vacuum"}
@STRING{WEA="Wear"}
@STRING{ZEIFPB="Z. Phys. B Con. Mat."}
