@STRING{DOKANS="Доклады Академии Наук СССР"}
@STRING{ACTM="Acta Mechanica"}
@STRING{ACTPSM="Acta Polytechnica Scandinavica Mechanical Engineering Series"}
@STRING{ACTRI="Action Research International"}
@STRING{ADVP="Advances in Physics"}
@STRING{AMEJP="American Journal of Physics"}
@STRING{AMEJS="American Journal of Science"}
@STRING{ANNP="Annalen der Physik"}
@STRING{ANNG="Annals of Glaciology"}
@STRING{ANNMS="Annals of Mathematical Statistics"}
@STRING{BRIJPS="British Journal for the Philosophy of Science"}
@STRING{CAMEN="Cambridge Evening News"}
@STRING{CANGJ="Canadian Geotechnical Journal"}
@STRING{CHEMPL="Chemical Physics Letters"}
@STRING{COLRST="Cold Regions Science and Technology"}
@STRING{CONFIG="Configurations"}
@STRING{CQDJME="{CQD} Journal For The Maritime Environment Industry"}
@STRING{CUROSS="Current Opinion in Solid State and Materials Science"}
@STRING{CZEJP="Czechoslovak Journal of Physics"}
@STRING{ELEAM="Electronics Australia Magazine"}
@STRING{EMBN="embnet.news"}
@STRING{ENGFM="Engineering Fracture Mechanics"}
@STRING{EOSTAG="Eos, Transactions, American Geophysical Union"}
@STRING{EXPM="Experimental Mechanics"}
@STRING{FREJAC="Fresenius Journal of Analytical Chemistry"}
@STRING{GEORL="Geophysical Research Letters"}
@STRING{HUMR="Human Relations"}
@STRING{IEEJOE="IEEE Journal of Oceanic Engineering"}
@STRING{IEETM="IEEE Transactions on Magnetics"}
@STRING{IEETSS="IEEE Transactions on Systems Science and Cybernetics"}
@STRING{INTJSS="International Journal of Solids and Structures"}
@STRING{INTJWS="International Journal of Women's Studies"}
@STRING{JOUP="Journal de Physique"}
@STRING{JAMJAM="JAMA: Journal of the American Medical Association"}
@STRING{JOUASA="Journal of the American Statistical Association"}
@STRING{JOUAP="Journal of Applied Physics"}
@STRING{JOUC="Journal of Climate"}
@STRING{JOUCRE="Journal of Cold Regions Engineering"}
@STRING{JOUCIS="Journal of Colloid and Interface Science"}
@STRING{JOUCS="Journal of Colloid Science"}
@STRING{JOUCP="Journal of Chemical Physics"}
@STRING{JOUERT="Journal of Energy Resources Technology: Transactions of the ASME"}
@STRING{JOUGRO="Journal of Geophysical Research: Oceans"}
@STRING{JOUGRS="Journal of Geophysical Research: Solid Earth"}
@STRING{JOUG="Journal of Glaciology"}
@STRING{JOUMMM="Journal of Magnetism and Magnetic Materials"}
@STRING{JOUM="Journal of Microscopy"}
@STRING{JOUMB="Journal of Molecular Biology"}
@STRING{JOUPCB="Journal of Physical Chemistry B"}
@STRING{JOUPDA="Journal of Physics D: Applied Physics"}
@STRING{JOUPES="Journal of Physics E: Scientific Instruments"}
@STRING{JOUMPS="Journal of the Mechanics and Physics of Solids"}
@STRING{JOURSS="Journal of the Royal Statistical Society Series B: Statistical Methodology"}
@STRING{JOUVSTA="Journal of Vacuum Science and Technology A: Vacuum,
                  Surfaces, and Films"}
@STRING{JOUVSTB="Journal of Vacuum Science and Technology B:
Microelectronics and Nanometer Structures.  Processing Measurement and
Phenomena"}
@STRING{MEMPML="Memoirs and Proceedings of the Manchester Literary and Philosophical Society"}
@STRING{MONNRA="Monthly Notices of the Royal Astronomical Society"}
@STRING{NAT="Nature"}
@STRING{NEUC="Neural Computation"}
@STRING{NEWJP="New Journal of Physics"}
@STRING{NUCIM="Nuclear Instruments and Methods"}
@STRING{NUCIMP="Nuclear Instruments and Methods in Physics Research A:
                  Accelerators, Spectrometers, Detectors and
                  Associated Equipment"}
@STRING{PHIM="Philosophical Magazine"}
@STRING{PHIMAP="Philosophical Magazine A: Physics Of Condensed Matter Structure Defects And Mechanical Properties"}
@STRING{PHITPS="Philosophical Transactions: Physical Sciences and Engineering"}
@STRING{PHITRS="Philosophical Transactions of the Royal Society of London"}
@STRING{PHYSSB="Physica Status Solidi B: Basic Research"}
@STRING{PHYR="Physical Review"}
@STRING{PHYRAA="Physical Review A: Atomic, Molecular, and Optical Physics"}
@STRING{PHYRBC="Physical Review B: Condensed Matter and Materials Physics"}
@STRING{PHYRL="Physical Review Letters"}
@STRING{PHY="Physics"}
@STRING{PHYT="Physics Today"}
@STRING{PHYW="Physics World"}
@STRING{PRORSLa="Proceedings of the Royal Society of London"}
@STRING{PRORSLb="Proceedings of the Royal Society of London Series A:
                  Mathematical and Physical Sciences"}
@STRING{PDBQN="PDB Quarterly Newsletter"}
@STRING{PROE="Protein Engineering"}
@STRING{QUAJE="Quarterly Journal of Economics"}
@STRING{QUAJMA="Quarterly Journal of Mechanics and Applied Mathematics"}
@STRING{REPPP="Reports on Progress in Physics"}
@STRING{REVSI="Review of Scientific Instruments"}
@STRING{ROCMRE="Rock Mechanics and Rock Engineering"}
@STRING{SCIENC="Science"}
@STRING{SENAAP="Sensors and Actuators A: Physical"}
@STRING{SHOV="Shock and Vibration"}
@STRING{SIGJWC="Signs: Journal of Women in Culture and Society"}
@STRING{SOLSC="Solid State Communications"}
@STRING{STAS="Statistical Science"}
@STRING{SURS="Surface Science"}
@STRING{SURSR="Surface Science Reports"}
@STRING{TEC="Tectonophysics"}
@STRING{HOL="The Holocene"}
@STRING{TRACPS="Transactions of the Cambridge Philosophical Society"}
@STRING{TRAMC="Transactions in Measurement and Control"}
@STRING{TREBS="Trends in Biochemical Sciences"}
@STRING{VACUUM="Vacuum"}
@STRING{WEA="Wear"}
@STRING{ZEIFPB="Zeitschrift f{\"u}r Physik B: Condensed Matter"}
